<?xml version="1.0" encoding="UTF-8"?><record xmlns="http://www.loc.gov/MARC21/slim" xmlns:cinclude="http://apache.org/cocoon/include/1.0" xmlns:zs="http://www.loc.gov/zing/srw/">
  <leader>00737nz  a2200181n  4500</leader>
  <controlfield tag="001">no2007060234</controlfield>
  <controlfield tag="003">DLC</controlfield>
  <controlfield tag="005">20070602075137.0</controlfield>
  <controlfield tag="008">070531n| acannaabn          |a aaa      </controlfield>
  <datafield tag="010" ind1=" " ind2=" ">
    <subfield code="a">no2007060234</subfield>
  </datafield>
  <datafield tag="035" ind1=" " ind2=" ">
    <subfield code="a">(OCoLC)oca07423834</subfield>
  </datafield>
  <datafield tag="040" ind1=" " ind2=" ">
    <subfield code="a">SaPrNL</subfield>
    <subfield code="b">eng</subfield>
    <subfield code="c">SaPrNL</subfield>
  </datafield>
  <datafield tag="042" ind1=" " ind2=" ">
    <subfield code="a">sanb</subfield>
  </datafield>
  <datafield tag="100" ind1="1" ind2=" ">
    <subfield code="a">Pretorius, J. L.</subfield>
    <subfield code="q">(Johannes Lodewicus),</subfield>
    <subfield code="d">1915-</subfield>
  </datafield>
  <datafield tag="400" ind1="1" ind2=" ">
    <subfield code="a">Pretorius, Johannes Lodewicus,</subfield>
    <subfield code="d">1915-</subfield>
  </datafield>
  <datafield tag="670" ind1=" " ind2=" ">
    <subfield code="a">'n Ondersoek na die persoonlikheid en beroepsbelangstellinge van universiteitstudente volgens Spranger se waardetipes, 1954:</subfield>
    <subfield code="b">t.p. (J.L. Pretorius)</subfield>
  </datafield>
  <datafield tag="670" ind1=" " ind2=" ">
    <subfield code="a">SANB correspondence with author</subfield>
    <subfield code="b">(full name: Pretorius, Johannes Lodewicus; b. Sept. 8, 1915; Prof.)</subfield>
  </datafield>
  <datafield tag="700" ind1="1" ind2="7">
    <subfield code="a">Pretorius, J. L.</subfield>
    <subfield code="q">(Johannes Lodewicus),</subfield>
    <subfield code="d">1915-</subfield>
    <subfield code="2">sanb</subfield>
  </datafield>
</record>